<collection xmlns="http://www.loc.gov/MARC21/slim">
<record>
  <leader>01868nam0a22003131i 450 </leader>
  <controlfield tag="001">IT\ICCU\CNCE\054227</controlfield>
  <controlfield tag="005">20130213000000.0</controlfield>
  <datafield tag="012" ind1=" " ind2=" ">
    <subfield code="a">e.l- e.e. e.se plqu (3) 1582 (A)</subfield>
    <subfield code="2">fei</subfield>
  </datafield>
  <datafield tag="100" ind1=" " ind2=" ">
    <subfield code="a">20030411d1582        0itac0103    ba</subfield>
  </datafield>
  <datafield tag="101" ind1=" " ind2=" ">
    <subfield code="a">ITA</subfield>
  </datafield>
  <datafield tag="102" ind1=" " ind2=" ">
    <subfield code="a">IT</subfield>
  </datafield>
  <datafield tag="200" ind1="1" ind2=" ">
    <subfield code="a">Legendario delle vite de&apos; santi. Composto dal r.p.f. Giacobo di Voragine dell&apos; Ordine de&apos; predicatori, et tradotto gi ̉per il r.d. Nicolo Manerbio. Nuouamente ridotto a miglior lingua, riformato, purgato da molte cose souerchie, arricchito de&apos; sommarij, di vaghe figure ornato, &amp; ristampato. Con l&apos; aggiunta di calendario, lunario, et feste mobili, di tauola, et de&apos; giorni ne&apos;quali si celebrano le feste de&apos; santi, et doue riposano i corpi, et reliquie loro</subfield>
  </datafield>
  <datafield tag="210" ind1=" " ind2=" ">
    <subfield code="a">In Venetia</subfield>
    <subfield code="c">appresso Horatio de&apos;Gobbi</subfield>
    <subfield code="d">1582</subfield>
    <subfield code="e">In Venetia</subfield>
    <subfield code="g">apresso Oratio de Gobbis</subfield>
    <subfield code="h">1582</subfield>
  </datafield>
  <datafield tag="215" ind1=" " ind2=" ">
    <subfield code="a">\16!, 815, \1! p.</subfield>
    <subfield code="c">ill.</subfield>
    <subfield code="d">4ʻ</subfield>
  </datafield>
  <datafield tag="620" ind1=" " ind2=" ">
    <subfield code="a">IT</subfield>
    <subfield code="d">Venezia</subfield>
  </datafield>
  <datafield tag="700" ind1=" " ind2="0">
    <subfield code="a">Iacopo</subfield>
    <subfield code="c"> : da#Varazze</subfield>
    <subfield code="3">IT\ICCU\CNCA\006564</subfield>
  </datafield>
  <datafield tag="702" ind1=" " ind2="1">
    <subfield code="a">Malerbi,</subfield>
    <subfield code="b"></subfield>
    <subfield code="3">IT\ICCU\CNCA\010498</subfield>
  </datafield>
  <datafield tag="712" ind1="0" ind2="0">
    <subfield code="a">Gobbi, Orazio</subfield>
    <subfield code="3">IT\ICCU\CNCT\000755</subfield>
    <subfield code="4">650</subfield>
  </datafield>
  <datafield tag="790" ind1=" " ind2="0">
    <subfield code="a">Iacopo</subfield>
    <subfield code="c"> : da#Varagine</subfield>
    <subfield code="3">IT\ICCU\CNCA\012025</subfield>
    <subfield code="z">Iacopo : da#Varazze</subfield>
  </datafield>
  <datafield tag="790" ind1=" " ind2="0">
    <subfield code="a">Jacobus</subfield>
    <subfield code="c"> : de#Voragine</subfield>
    <subfield code="3">IT\ICCU\CNCA\016071</subfield>
    <subfield code="z">Iacopo : da#Varazze</subfield>
  </datafield>
  <datafield tag="790" ind1=" " ind2="0">
    <subfield code="a">Giacomo</subfield>
    <subfield code="c"> : da#Varazze</subfield>
    <subfield code="3">IT\ICCU\CNCA\018588</subfield>
    <subfield code="z">Iacopo : da#Varazze</subfield>
  </datafield>
  <datafield tag="790" ind1=" " ind2="1">
    <subfield code="a">Manerbio,</subfield>
    <subfield code="b"></subfield>
    <subfield code="3">IT\ICCU\CNCA\016078</subfield>
    <subfield code="z"></subfield>
  </datafield>
  <datafield tag="790" ind1=" " ind2="1">
    <subfield code="a">Malermi,</subfield>
    <subfield code="b"></subfield>
    <subfield code="3">IT\ICCU\CNCA\020655</subfield>
    <subfield code="z"></subfield>
  </datafield>
  <datafield tag="790" ind1=" " ind2="1">
    <subfield code="a">Manerbi,</subfield>
    <subfield code="b"></subfield>
    <subfield code="3">IT\ICCU\CNCA\028707</subfield>
    <subfield code="z"></subfield>
  </datafield>
  <datafield tag="791" ind1="0" ind2="0">
    <subfield code="a">De_Gobbi, Orazio</subfield>
    <subfield code="3">IT\ICCU\CNCT\003157</subfield>
    <subfield code="z">Gobbi, Orazio</subfield>
  </datafield>
  <datafield tag="791" ind1="0" ind2="0">
    <subfield code="a">Gobbis, Horatius de</subfield>
    <subfield code="3">IT\ICCU\CNCT\004949</subfield>
    <subfield code="z">Gobbi, Orazio</subfield>
  </datafield>
  <datafield tag="801" ind1=" " ind2="3">
    <subfield code="a">IT</subfield>
    <subfield code="b">ICCU</subfield>
    <subfield code="c">20201115</subfield>
  </datafield>
  <datafield tag="899" ind1=" " ind2=" ">
    <subfield code="a">Biblioteca centrale della Regione siciliana Alberto Bombace. Palermo</subfield>
    <subfield code="z">MUTILO</subfield>
    <subfield code="1">PA0064</subfield>
    <subfield code="2">PAL BP</subfield>
  </datafield>
  <datafield tag="899" ind1=" " ind2=" ">
    <subfield code="a">Biblioteca comunale Classense. Ravenna</subfield>
    <subfield code="1">RA0036</subfield>
    <subfield code="2">RAV CL</subfield>
  </datafield>
</record>
</collection>
